@book{HopcroftESP,
  title={Teor{\'\i}a de aut{\'o}matas, lenguajes y computaci{\'o}n},
  author={Hopcroft, John E and Motwani, Rajeev and Ullman, Jeffrey D},
  year={2008},
  publisher={Addison Wesley}
}

@book{AroraBarak,
  title={Computational complexity: a modern approach},
  author={Arora, Sanjeev and Barak, Boaz},
  year={2009},
  publisher={Cambridge University Press}
}

@article{approx_core,
  title={An overview on polynomial approximation of {NP}-hard problems},
  author={Vangelis Th, Paschos},
  journal={Yugoslav Journal of Operations Research},
  volume={19},
  number={1},
  pages={3--40},
  year={2009}
}

@article{aks_complexity,
    author = {Manindra Agrawal, Neeraj Kayal and Nitin Saxena},
    title = {{PRIMES} is in {P}},
    journal = {Annals of Mathematics},
    year = {2002},
    volume = {2},
    pages = {781--793}
}

@article{knapsack1,
  title={The knapsack problem and fully polynomial time approximation schemes {(FPTAS)}},
  author={Lai, Katherine and Goemans, M},
  journal={Retrieved November},
  volume={3},
  pages={2012},
  year={2006}
}

@article{MAX_CLIQ_INA,
  title={Clique is {hard} to approximate within {$n^{1-\varepsilon}$}}, 
  author={H{\aa}stad, Johan},
  journal={Acta Mathematica},
  volume={182},
  pages={105--142},
  year={1999}
}

@article{knapsack2,
  title={Fast approximation algorithms for the knapsack and sum of subsets problems}, 
  author={Ibarra, Oscar H., and Kim, Chul E.},
  journal={J. Assoc. Comput. Mach.},
  volume={22},
  pages={463--468},
  year={1975}
}
@article{max-pci1,
  title={Vertex packings: Structural properties and algorithms},
  author={Nemhauser, George Lann, and Trotter, Leslie Earl},
  journal={Mathematical Programming},
  volume={8},
  pages={232--248},
  year={1975}
}

@article{max-pci2,
  title={A polynomial algorithm in linear programming},
  author={Khachiyan, Leonid Genrikhovich},
  journal={Dokladi Akademiy Nauk. SSSR},
  volume={244},
  pages={1093--1096},
  year={1979}
}
  
@article{max-pci3,
  title={Efficient bounds for the stable set, vertex cover and set packing problems},
  author={Hochbaum, Dorit Simona},
  journal={Discrete Applied Mathematics},
  volume={6},
  pages={243--254},
  year={1983}
}

@article{max-pci4,
  title={Three short proofs in graph theory},
  author={Lov\'asz, L\'aszl\'o},
  journal={J. combin. theory Ser. B},
  volume={19},
  pages={383--390},
  year={1975}
  }

@article{mvc1,
  title={On an approximation measure founded on the links between optimization and polynomial approximation theory},
  author={Marc Demange and Paschos, Vangelis Th.},
  journal={Theoretical Computer Science},
  volume={158},
  pages={117--141},
  year={1996}
}

@article{TSP1,
  title={A method  for solving traveling-salesman problems},
  author={Croes, Geoff A.},
  journal={Operations Research},
  volume={5},
  pages={791--812},
  year={1958}
}

@article{TSP2,
  title={Approximation algorithms for the travelling salesman problem},
  author={Monnot, J\'er\^{o}me, Paschos, Vangelis Th., Toulouse Sophie},
  journal={Mathematical Methods of Operations Research},
  volume={56},
  pages={387--405},
  year={2003}
}

@phdthesis{BFS,
  title={Der Plankalk\"ul},
  author={Zuse, Konrad},
  year= {1945}
}

@article{quicksort,
  title={Quicksort},
  author={Hoare, Charles AR},
  journal={The Computer Journal},
  volume={5},
  number={1},
  pages={10--16},
  year={1962}
}

@article{red1,
  title={Maximizing the number of unused colors in the vertex coloring problem},
  author={Refael Hassin and Shlomo Lahav Haddad},
  journal={Information Processing Letters},
  volume={52},
  number={2},
  pages={87--90},
  year={1994}
}

@article{red2,
  title={On Approximate Solutions for Combinatorial Optimization Problems},
  author={Simon, Hans Ulrich},
  journal={SIAM Journal on Discrete Mathematics},
  volume={3},
  number={2},
  pages={294-310},
  year={1990}
}
